<record><leader>00000cas a2200000 a 4500</leader><controlfield tag="001">818344870</controlfield><controlfield tag="007">hd afb   bacp</controlfield><controlfield tag="007">hd bfb   babp</controlfield><controlfield tag="007">hd bfb   baap</controlfield><controlfield tag="008">121116d19uu1972wauwr nea     0    0eng c</controlfield><datafield ind1=" " ind2=" " tag="010"><subfield code="a">  2012252917</subfield></datafield><datafield ind1=" " ind2=" " tag="040"><subfield code="a">WAU</subfield><subfield code="b">eng</subfield><subfield code="c">WAU</subfield><subfield code="d">WAU</subfield><subfield code="d">OCLCF</subfield></datafield><datafield ind1=" " ind2=" " tag="042"><subfield code="a">pcc</subfield></datafield><datafield ind1=" " ind2=" " tag="043"><subfield code="a">n-us-wa</subfield></datafield><datafield ind1="0" ind2=" " tag="130"><subfield code="a">Forum (Bellevue Community College)</subfield></datafield><datafield ind1="1" ind2="0" tag="245"><subfield code="a">Forum</subfield><subfield code="h">[microform] :</subfield><subfield code="b">Bellevue Community College student newspaper.</subfield></datafield><datafield ind1=" " ind2=" " tag="260"><subfield code="a">Bellevue, WA :</subfield><subfield code="b">Bellevue Community College</subfield></datafield><datafield ind1=" " ind2=" " tag="300"><subfield code="a">v. :</subfield><subfield code="b">ill.</subfield></datafield><datafield ind1=" " ind2=" " tag="310"><subfield code="a">Weekly</subfield></datafield><datafield ind1=" " ind2=" " tag="588"><subfield code="a">Description based on: May 7, 1971; title from masthead.</subfield></datafield><datafield ind1=" " ind2=" " tag="588"><subfield code="a">Latest issue consulted: May 22, 1972.</subfield></datafield><datafield ind1=" " ind2=" " tag="533"><subfield code="a">Microfilm.</subfield><subfield code="m">May  7, 1971-May 22, 1972.</subfield><subfield code="b">Seattle, Wash. :</subfield><subfield code="c">Filmed for the University of Washington Libraries,</subfield><subfield code="d">2001.</subfield><subfield code="e">1 microfilm reel ; 35 mm.</subfield><subfield code="n">Filmed with: Jibsheet; Bellevue pax-advocate; Bellevue advocate; Advocate; Weekly advocate; and: Advocate.</subfield></datafield><datafield ind1="2" ind2="0" tag="610"><subfield code="a">Bellevue Community College</subfield><subfield code="v">Newspapers.</subfield></datafield><datafield ind1=" " ind2="0" tag="651"><subfield code="a">Bellevue (Wash.)</subfield><subfield code="v">Newspapers.</subfield></datafield><datafield ind1=" " ind2="7" tag="655"><subfield code="a">Newspapers.</subfield><subfield code="2">fast</subfield><subfield code="0">(OCoLC)fst01423814</subfield></datafield><datafield ind1="2" ind2="7" tag="610"><subfield code="a">Bellevue Community College.</subfield><subfield code="2">fast</subfield><subfield code="0">(OCoLC)fst01911875</subfield></datafield><datafield ind1=" " ind2="7" tag="651"><subfield code="a">Washington (State)</subfield><subfield code="z">Bellevue.</subfield><subfield code="2">fast</subfield><subfield code="0">(OCoLC)fst01207018</subfield></datafield><datafield ind1="2" ind2=" " tag="710"><subfield code="a">Bellevue Community College.</subfield></datafield><datafield ind1=" " ind2=" " tag="752"><subfield code="a">United States</subfield><subfield code="b">Washington</subfield><subfield code="c">King</subfield><subfield code="d">Bellevue</subfield></datafield><datafield ind1="0" ind2="0" tag="780"><subfield code="t">Jibsheet</subfield><subfield code="w">(DLC)  2012252916</subfield><subfield code="w">(OCoLC)818354326</subfield></datafield><datafield ind1="0" ind2="0" tag="785"><subfield code="t">Bellevue Pax-Advocate</subfield><subfield code="w">(DLC)  2012252918</subfield><subfield code="w">(OCoLC)818344873</subfield></datafield><datafield ind1=" " ind2=" " tag="850"><subfield code="a">WaU</subfield><subfield code="a">WaU (master)</subfield></datafield></record>